<?xml version="1.0" encoding="UTF-8" ?>
<marc:collection xmlns:marc="http://www.loc.gov/MARC21/slim" xmlns:xsi="http://www.w3.org/2001/XMLSchema-instance" xsi:schemaLocation="http://www.loc.gov/MARC21/slim http://www.loc.gov/standards/marcxml/schema/MARC21slim.xsd">
  
  
  <marc:record>
    <marc:leader>02077ntm a22004215a 4500</marc:leader>
    <marc:controlfield tag="001">ocm00000NEW </marc:controlfield>
    <marc:controlfield tag="003">OCoLC</marc:controlfield>
    <marc:controlfield tag="005">20180726125356.0</marc:controlfield>
    <marc:controlfield tag="008">180423q17uu18uusy            000 0 ara  </marc:controlfield>
    <marc:datafield tag="040" ind1=" " ind2=" ">
      <marc:subfield code="a">ZCU</marc:subfield>
      <marc:subfield code="b">eng</marc:subfield>
      <marc:subfield code="e">amremm</marc:subfield>
      <marc:subfield code="c">ZCU</marc:subfield>
    </marc:datafield>
    <marc:datafield tag="041" ind1=" " ind2=" ">
      <marc:subfield code="a">ara</marc:subfield>
      <marc:subfield code="a">tur</marc:subfield>
    </marc:datafield>
    <marc:datafield tag="043" ind1=" " ind2=" ">
      <marc:subfield code="a">n-us-ny</marc:subfield>
    </marc:datafield>
    <marc:datafield tag="099" ind1=" " ind2=" ">
      <marc:subfield code="a">MS Or 355</marc:subfield>
    </marc:datafield>
    <marc:datafield tag="245" ind1="0" ind2="0">
      <marc:subfield code="6">880-01</marc:subfield>
      <marc:subfield code="a">Kitāb nafīs yafṣuḥu fīhi ʻan al-lughah al-Turkīyah.</marc:subfield>
    </marc:datafield>
    <marc:datafield tag="264" ind1=" " ind2="0">
      <marc:subfield code="a">[Syria?]:</marc:subfield>
      <marc:subfield code="c">[17--? or 18--?]</marc:subfield>
    </marc:datafield>
    <marc:datafield tag="300" ind1=" " ind2=" ">
      <marc:subfield code="a">58 leaves:</marc:subfield>
      <marc:subfield code="b">laid paper with watermarks;</marc:subfield>
      <marc:subfield code="c">166 x 121 (130 x 70) mm bound to 165 x 134 mm.</marc:subfield>
    </marc:datafield>
    <marc:datafield tag="336" ind1=" " ind2=" ">
      <marc:subfield code="a">text</marc:subfield>
      <marc:subfield code="b">txt</marc:subfield>
      <marc:subfield code="2">rdacontent</marc:subfield>
    </marc:datafield>
    <marc:datafield tag="337" ind1=" " ind2=" ">
      <marc:subfield code="a">unmediated</marc:subfield>
      <marc:subfield code="b">n</marc:subfield>
      <marc:subfield code="2">rdamedia</marc:subfield>
    </marc:datafield>
    <marc:datafield tag="338" ind1=" " ind2=" ">
      <marc:subfield code="a">volume</marc:subfield>
      <marc:subfield code="b">nc</marc:subfield>
      <marc:subfield code="2">rdacarrier</marc:subfield>
    </marc:datafield>
    <marc:datafield tag="500" ind1=" " ind2=" ">
      <marc:subfield code="a">Manuscript codex.</marc:subfield>
    </marc:datafield>
    <marc:datafield tag="546" ind1=" " ind2=" ">
      <marc:subfield code="a">Arabic and Turkish.</marc:subfield>
    </marc:datafield>
    <marc:datafield tag="500" ind1=" " ind2=" ">
      <marc:subfield code="a">Title from opening page (f. 1r) and introduction (f. 2r).</marc:subfield>
    </marc:datafield>
    <marc:datafield tag="500" ind1=" " ind2=" ">
      <marc:subfield code="a">Layout: 12 lines per page.</marc:subfield>
    </marc:datafield>
    <marc:datafield tag="500" ind1=" " ind2=" ">
      <marc:subfield code="a">Script: Naskh.</marc:subfield>
    </marc:datafield>
    <marc:datafield tag="563" ind1=" " ind2=" ">
      <marc:subfield code="a">Binding: Brown leather with central toronja and flanking palmettes set against a background of blind tooled X's described by a three-by-four grid. Includes an abbreviated envelope flap.</marc:subfield>
    </marc:datafield>
    <marc:datafield tag="500" ind1=" " ind2=" ">
      <marc:subfield code="a">Includes catchwords.</marc:subfield>
    </marc:datafield>
    <marc:datafield tag="500" ind1=" " ind2=" ">
      <marc:subfield code="a">Watermarks are a double cross.</marc:subfield>
    </marc:datafield>
    <marc:datafield tag="500" ind1=" " ind2=" ">
      <marc:subfield code="a">Shelfmark: MS Or 355</marc:subfield>
    </marc:datafield>
    <marc:datafield tag="520" ind1=" " ind2=" ">
      <marc:subfield code="a">Turkish grammar explained in Arabic, covering the imperative (al-ʼamr), negative imperative (al-nahī), simple past and past perfect (al-māḍī), present tense (muḍāriʿ al-misnad), and verbal nouns (ism al-fāʿil), before proceeding to the construction of simple sentences and additional suffixes..</marc:subfield>
    </marc:datafield>
    <marc:datafield tag="541" ind1=" " ind2=" ">
      <marc:subfield code="a">Gift of David Eugene Smith, 1931-1934.</marc:subfield>
    </marc:datafield>
    <marc:datafield tag="588" ind1="0" ind2=" ">
      <marc:subfield code="a">Item cataloged from digital facsimile and existing description.</marc:subfield>
    </marc:datafield>
    <marc:datafield tag="650" ind1=" " ind2="0">
      <marc:subfield code="a">Turkish language</marc:subfield>
      <marc:subfield code="x">Grammar.</marc:subfield>
    </marc:datafield>
    <marc:datafield tag="650" ind1=" " ind2="0">
      <marc:subfield code="a">Turkish language</marc:subfield>
      <marc:subfield code="x">Grammar, Comparative</marc:subfield>
      <marc:subfield code="x">Arabic.</marc:subfield>
    </marc:datafield>
    <marc:datafield tag="650" ind1=" " ind2="0">
      <marc:subfield code="a">Manuscripts, Persian</marc:subfield>
      <marc:subfield code="z">New York (State)</marc:subfield>
      <marc:subfield code="z">New York.</marc:subfield>
    </marc:datafield>
    <marc:datafield tag="700" ind1="1" ind2=" ">
      <marc:subfield code="a">Smith, David Eugene,</marc:subfield>
      <marc:subfield code="d">1860-1944,</marc:subfield>
      <marc:subfield code="e">former owner.</marc:subfield>
    </marc:datafield>
    <marc:datafield tag="710" ind1="2" ind2=" ">
      <marc:subfield code="a">Muslim World Manuscripts (Columbia University. Rare Book and Manuscript Library)</marc:subfield>
      <marc:subfield code="5">NNC</marc:subfield>
    </marc:datafield>
    <marc:datafield tag="880" ind1="0" ind2="0">
      <marc:subfield code="6">245-01/r</marc:subfield>
      <marc:subfield code="a">كتاب نفيس يفصح فيه عن اللغة التركية.</marc:subfield>
    </marc:datafield>
    <marc:datafield tag="994" ind1=" " ind2=" ">
      <marc:subfield code="a">C0</marc:subfield>
      <marc:subfield code="b">ZCU</marc:subfield>
    </marc:datafield>
  </marc:record>
</marc:collection>
